<record><leader>00000cas a22000007a 4500</leader><controlfield tag="001">43755234</controlfield><controlfield tag="008">000331d19591961cauwr ne      0    0eng d</controlfield><datafield ind1=" " ind2=" " tag="010"><subfield code="a">sn 00060259 </subfield></datafield><datafield ind1=" " ind2=" " tag="040"><subfield code="a">CNK</subfield><subfield code="b">eng</subfield><subfield code="c">CNK</subfield><subfield code="d">OCLCF</subfield><subfield code="d">OCLCO</subfield></datafield><datafield ind1="1" ind2=" " tag="029"><subfield code="a">AU@</subfield><subfield code="b">000021430900</subfield></datafield><datafield ind1=" " ind2=" " tag="042"><subfield code="a">msc</subfield></datafield><datafield ind1="0" ind2="4" tag="245"><subfield code="a">The Ojai press.</subfield></datafield><datafield ind1="1" ind2="3" tag="246"><subfield code="a">Ojai press and the sentinel</subfield><subfield code="f">Feb. 18, 1960-Mar. 9, 1961</subfield></datafield><datafield ind1=" " ind2=" " tag="260"><subfield code="a">Ojai, Calif. :</subfield><subfield code="b">Hill-Yarnall Pub. Co.,</subfield></datafield><datafield ind1=" " ind2=" " tag="300"><subfield code="a">v.</subfield></datafield><datafield ind1=" " ind2=" " tag="310"><subfield code="a">Weekly</subfield></datafield><datafield ind1="0" ind2=" " tag="362"><subfield code="a">Vol. 1, no. 1 (Nov. 19, 1959)-v. 2, no. 17 (Mar. 9, 1961).</subfield></datafield><datafield ind1=" " ind2="0" tag="651"><subfield code="a">Ojai (Calif.)</subfield><subfield code="v">Newspapers.</subfield></datafield><datafield ind1=" " ind2="4" tag="651"><subfield code="a">Meiners Oaks (Calif.)</subfield><subfield code="v">Newspapers.</subfield></datafield><datafield ind1=" " ind2="7" tag="655"><subfield code="a">Newspapers.</subfield><subfield code="2">fast</subfield><subfield code="0">(OCoLC)fst01423814</subfield></datafield><datafield ind1=" " ind2="7" tag="651"><subfield code="a">California</subfield><subfield code="z">Ojai.</subfield><subfield code="2">fast</subfield><subfield code="0">(OCoLC)fst01226562</subfield></datafield><datafield ind1=" " ind2=" " tag="752"><subfield code="a">United States</subfield><subfield code="b">California</subfield><subfield code="c">Ventura</subfield><subfield code="d">Ojai.</subfield></datafield><datafield ind1="0" ind2="7" tag="785"><subfield code="t">Oak View sentinel</subfield><subfield code="w">(DLC)sn 00060257</subfield></datafield><datafield ind1="0" ind2="7" tag="785"><subfield code="t">Press sentinel (Ojai, Calif.)</subfield><subfield code="w">(DLC)sn 00060258</subfield></datafield></record>